<collection xmlns="http://www.loc.gov/MARC21/slim">
<record>
  <leader>01469nam0a22002891i 450 </leader>
  <controlfield tag="001">IT\ICCU\CNCE\053858</controlfield>
  <controlfield tag="005">20030108000000.0</controlfield>
  <datafield tag="012" ind1=" " ind2=" ">
    <subfield code="a">tao- u-ut e:e: nini (C) 1510 (T)</subfield>
    <subfield code="2">fei</subfield>
  </datafield>
  <datafield tag="100" ind1=" " ind2=" ">
    <subfield code="a">20030107d1510        0itac0103    ba</subfield>
  </datafield>
  <datafield tag="101" ind1=" " ind2=" ">
    <subfield code="a">LAT</subfield>
  </datafield>
  <datafield tag="102" ind1=" " ind2=" ">
    <subfield code="a">IT</subfield>
  </datafield>
  <datafield tag="200" ind1="1" ind2=" ">
    <subfield code="a">Expositio triplex librorum octo phisicorum Aristotelis quarum prima est textualis: secunda construit textum: tertia elicit propositiones de textu: et hec omnia de mente commentatoris &amp; doctoris subtilis</subfield>
  </datafield>
  <datafield tag="210" ind1=" " ind2=" ">
    <subfield code="a">\Cuneo</subfield>
    <subfield code="d">1510!</subfield>
    <subfield code="e">Cunei in pedemontium</subfield>
    <subfield code="g">opera &amp; diligentia simonis beuilaqua impensaque eiusdem &amp; sui consocij guidoti de dulcis</subfield>
    <subfield code="h">1510</subfield>
  </datafield>
  <datafield tag="215" ind1=" " ind2=" ">
    <subfield code="a">\242! c.</subfield>
    <subfield code="d">fol</subfield>
  </datafield>
  <datafield tag="300" ind1=" " ind2=" ">
    <subfield code="a">ANNULLATA !!!  vedi  33842((A c. \230!: Libellum Isagogicum ... - Colophon a c. \229! v</subfield>
  </datafield>
  <datafield tag="620" ind1=" " ind2=" ">
    <subfield code="a">IT</subfield>
    <subfield code="d">Cuneo</subfield>
  </datafield>
  <datafield tag="700" ind1=" " ind2="0">
    <subfield code="a">Samuele</subfield>
    <subfield code="c"> : da#Cassine</subfield>
    <subfield code="3">IT\ICCU\CNCA\004484</subfield>
  </datafield>
  <datafield tag="712" ind1="0" ind2="0">
    <subfield code="a">Dolce, Vioto</subfield>
    <subfield code="3">IT\ICCU\CNCT\000348</subfield>
    <subfield code="4">650</subfield>
  </datafield>
  <datafield tag="712" ind1="0" ind2="0">
    <subfield code="a">Bevilacqua, Simone</subfield>
    <subfield code="3">IT\ICCU\CNCT\000690</subfield>
    <subfield code="4">650</subfield>
  </datafield>
  <datafield tag="790" ind1=" " ind2="1">
    <subfield code="a">Cassini,</subfield>
    <subfield code="b">Samuele</subfield>
    <subfield code="3">IT\ICCU\CNCA\004871</subfield>
    <subfield code="z">Samuele : da#Cassine</subfield>
  </datafield>
  <datafield tag="790" ind1=" " ind2="1">
    <subfield code="a">Cassinis,</subfield>
    <subfield code="b">Samuel : de</subfield>
    <subfield code="3">IT\ICCU\CNCA\013217</subfield>
    <subfield code="z">Samuele : da#Cassine</subfield>
  </datafield>
  <datafield tag="791" ind1="0" ind2="0">
    <subfield code="a">Dulcis, Viotus de</subfield>
    <subfield code="3">IT\ICCU\CNCT\003777</subfield>
    <subfield code="z">Dolce, Vioto</subfield>
  </datafield>
  <datafield tag="791" ind1="0" ind2="0">
    <subfield code="a">Dolce, Guidotto</subfield>
    <subfield code="3">IT\ICCU\CNCT\004707</subfield>
    <subfield code="z">Dolce, Vioto</subfield>
  </datafield>
  <datafield tag="791" ind1="0" ind2="0">
    <subfield code="a">Gabi, Simone</subfield>
    <subfield code="3">IT\ICCU\CNCT\003778</subfield>
    <subfield code="z">Bevilacqua, Simone</subfield>
  </datafield>
  <datafield tag="801" ind1=" " ind2="3">
    <subfield code="a">IT</subfield>
    <subfield code="b">ICCU</subfield>
    <subfield code="c">20201115</subfield>
  </datafield>
  <datafield tag="899" ind1=" " ind2=" ">
    <subfield code="a">Biblioteca civica. Cuneo</subfield>
    <subfield code="1">CN0037</subfield>
    <subfield code="2">TO0 50</subfield>
  </datafield>
  <datafield tag="899" ind1=" " ind2=" ">
    <subfield code="a">Biblioteca universitaria Alessandrina. Roma</subfield>
    <subfield code="1">RM0280</subfield>
    <subfield code="2">RML 01</subfield>
  </datafield>
</record>
</collection>
